
@online{TradicionalVsEletronico,
  author = {Iria Luppi Figueiredo},
  title = {Comércio Tradicional X Comércio Eletrônico},
  year = 2009,
  url = {https://www.oficinadanet.com.br/artigo/1728/comercio_tradicional_x_comercio_eletronico},
  urldate = {2017-05-15}
}

@online{WhatIsEcommerce,
  author = {Network Solutions},
  title = {What is Ecommerce?},
  year = 2009,
  url = {http://www.networksolutions.com/education/what-is-ecommerce/},
  urldate = {2017-05-16}
}

@online{UsageStatistics,
  author = {W3Techs},
  title = {Usage of server-side programming languages for websites},
  year = 2016,
  url = {https://w3techs.com/technologies/overview/programming_language/all},
  urldate = {2017-05-23}
}

@online{LoadTime,
  author = {Shaun Anderson},
  title = {How Fast Should A Website Load in 2017?},
  year = 2017,
  url = {https://www.hobo-web.co.uk/your-website-design-should-load-in-4-seconds/},
  urldate = {2017-05-23}
}

@online{SecurityEcommerce,
  author = {Eamonn O’Raghallaigh},
  title = {Security Issues in E-Commerce},
  year = 2010,
  url = {http://webscience.ie/blog/2010/security-issues-in-e-commerce/},
  urldate = {2017-05-23}
}

@online{Analytics,
  author = {Wikipedia},
  title = {Google Search Console},
  year = 2017,
  url = {https://pt.wikipedia.org/wiki/Google_Analytics},
  urldate = {2017-05-25}
}

@online{TLD,
  author = {Wix},
  title = {O Que é TLD (Domínio de Topo)?},
  year = 2017,
  url = {http://pt.wix.com/domain/top-level-domains},
  urldate = {2017-05-27}
}

@online{RegistroBr,
  author = {RegistroBR},
  title = {Estatísticas},
  year = 20XX,
  url = {https://registro.br/estatisticas.html},
  urldate = {2017-05-XX}
}

@online{DrupalTheme,
  author = {Drupal.org},
  title = {Download & Extend},
  year = 2017,
  url = {https://www.drupal.org/project/project_theme},
  urldate = {2017-05-27}
}

@online{DrupalModules,
  author = {Drupal.org},
  title = {Download & Extend},
  year = 2017,
  url = {https://www.drupal.org/project/project_module},
  urldate = {2017-05-26}
}

@online{PHP7,
  author = {PHP.net},
  title = {Migrando do PHP 5.6.x para o PHP 7.0.x},
  year = 2016,
  url = {https://secure.php.net/manual/pt_BR/migration70.php},
  urldate = {2017-05-26}
}

@online{PHP7Velocidade,
  author = {Roberto Beraldo Chaiben},
  title = {PHP 7: até 9 vezes mais rápido que o PHP 5.6},
  year = 2015,
  url = {https://imasters.com.br/linguagens/php/php-7-ate-9-vezes-mais-rapido-que-o-php-5-6/?trace=1519021197},
  urldate = {2017-05-26}
}

@online{Bootstrap,
  author = {Ivaylo Gerchev},
  title = {The 5 Most Popular Frontend Frameworks of 2017 Compared},
  year = 2017,
  url = {https://www.sitepoint.com/5-most-popular-frontend-frameworks-compared/},
  urldate = {2017-05-27}
}

@online{,
  author = {},
  title = {},
  year = 20XX,
  url = {},
  urldate = {2017-05-XX}
}

@online{,
  author = {},
  title = {},
  year = 20XX,
  url = {},
  urldate = {2017-05-XX}
}

@online{,
  author = {},
  title = {},
  year = 20XX,
  url = {},
  urldate = {2017-05-XX}
}
