
@online{TradicionalVsEletronico,
  author = {Iria Luppi Figueiredo},
  title = {Comércio Tradicional X Comércio Eletrônico},
  year = 2009,
  url = {https://www.oficinadanet.com.br/artigo/1728/comercio_tradicional_x_comercio_eletronico},
  urldate = {2017-05-15}
}

@online{WhatIsEcommerce,
  author = {Network Solutions},
  title = {What is Ecommerce?},
  year = 2009,
  url = {http://www.networksolutions.com/education/what-is-ecommerce/},
  urldate = {2017-05-16}
}

@online{UsageStatistics,
  author = {W3Techs},
  title = {Usage of server-side programming languages for websites},
  year = 2016,
  url = {https://w3techs.com/technologies/overview/programming_language/all},
  urldate = {2017-05-23}
}

@online{LoadTime,
  author = {Shaun Anderson},
  title = {How Fast Should A Website Load in 2017?},
  year = 2017,
  url = {https://www.hobo-web.co.uk/your-website-design-should-load-in-4-seconds/},
  urldate = {2017-05-23}
}

@online{SecurityEcommerce,
  author = {Eamonn O’Raghallaigh},
  title = {Security Issues in E-Commerce},
  year = 2010,
  url = {http://webscience.ie/blog/2010/security-issues-in-e-commerce/},
  urldate = {2017-05-23}
}

